<record><leader>00000cas a22000007a 4500</leader><controlfield tag="001">12202280</controlfield><controlfield tag="008">850626d18161820ohuwr ne      0    0eng d</controlfield><controlfield tag="009">3768</controlfield><datafield ind1=" " ind2=" " tag="010"><subfield code="a">sn 85026398 </subfield></datafield><datafield ind1=" " ind2=" " tag="040"><subfield code="a">NPX</subfield><subfield code="b">eng</subfield><subfield code="c">NPX</subfield><subfield code="d">DLC</subfield><subfield code="d">ONP</subfield><subfield code="d">OCLCQ</subfield></datafield><datafield ind1="1" ind2=" " tag="029"><subfield code="a">AU@</subfield><subfield code="b">000025828984</subfield></datafield><datafield ind1=" " ind2=" " tag="042"><subfield code="a">msc</subfield></datafield><datafield ind1="0" ind2="0" tag="050"><subfield code="a">Newspaper 9214-X</subfield></datafield><datafield ind1="0" ind2=" " tag="130"><subfield code="a">Farmer (Lebanon, Warren County, Ohio)</subfield></datafield><datafield ind1="0" ind2="4" tag="245"><subfield code="a">The Farmer.</subfield></datafield><datafield ind1="1" ind2="3" tag="246"><subfield code="a">Olio</subfield></datafield><datafield ind1=" " ind2=" " tag="260"><subfield code="a">Lebanon, Ohio :</subfield><subfield code="b">George Smith &amp; Co.,</subfield><subfield code="c">1816-</subfield></datafield><datafield ind1=" " ind2=" " tag="300"><subfield code="a">v. ;</subfield><subfield code="c">45 cm.</subfield></datafield><datafield ind1=" " ind2=" " tag="310"><subfield code="a">Weekly</subfield></datafield><datafield ind1="0" ind2=" " tag="362"><subfield code="a">Vol. 1, no. 1 (Dec. 13, 1816)-</subfield></datafield><datafield ind1="1" ind2=" " tag="362"><subfield code="a">Ceased in 1820?</subfield><subfield code="z">Cf. Brigham, C.S.  Amer. newspapers.</subfield></datafield><datafield ind1=" " ind2=" " tag="500"><subfield code="a">Has separate masthead on p. [4] with title: Olio, &lt;1817-1818&gt;.</subfield></datafield><datafield ind1=" " ind2=" " tag="500"><subfield code="a">Publishers: George Smith, &lt;1817-1818&gt;; Silas S. Geogehegan &amp; Henry Rogers, &lt;1819&gt;; Henry Rogers, &lt;1819&gt;.</subfield></datafield><datafield ind1=" " ind2=" " tag="500"><subfield code="a">Published at Springfield, Ohio, Feb. 1819-1820.</subfield></datafield><datafield ind1=" " ind2=" " tag="500"><subfield code="a">References: Shaw &amp; Shoemaker 37558; Brigham, C.S.  Amer. newspapers, p. 806.</subfield></datafield><datafield ind1=" " ind2=" " tag="515"><subfield code="a">Numbering resumes with vol. 1 in 1819.</subfield></datafield><datafield ind1="1" ind2=" " tag="700"><subfield code="a">Smith, George.</subfield></datafield><datafield ind1="1" ind2=" " tag="700"><subfield code="a">Geogehegan, Silas S.</subfield></datafield><datafield ind1="1" ind2=" " tag="700"><subfield code="a">Rogers, Henry.</subfield></datafield><datafield ind1=" " ind2=" " tag="752"><subfield code="a">United States</subfield><subfield code="b">Ohio</subfield><subfield code="c">Warren</subfield><subfield code="d">Lebanon.</subfield></datafield><datafield ind1=" " ind2=" " tag="752"><subfield code="a">United States</subfield><subfield code="b">Ohio</subfield><subfield code="c">Clark</subfield><subfield code="d">Springfield.</subfield></datafield><datafield ind1="0" ind2="0" tag="785"><subfield code="t">Farmer's advocate (Springfield, Ohio)</subfield><subfield code="w">(DLC)sn 85026262</subfield></datafield></record>